@article{alphago_zero,
    title={Mastering the game of Go without human knowledge},
    author={Silver, David and Schrittwieser, Julian and Simonyan, Karen and
    Antonoglou, Ioannis and Huang, Aja and Guez, Arthur and Hubert, Thomas
    and Baker, Lucas and Lai, Matthew and Bolton, Adrian and Chen, Yutian
    and Lillicrap, Timothy and Hui, Fan and Sifre, Laurent and van den
    Driessche, George and Graepel, Thore and Hassabis, Demis},
    year={2017},
    journal={Nature},
    volume={550},
    number={7676},
    pages={354-359},
}

@misc{alphazero,
    title={Mastering Chess and Shogi by Self-Play with a General
    Reinforcement Learning Algorithm},
    author={David Silver and Thomas Hubert and Julian Schrittwieser and
    Ioannis Antonoglou and Matthew Lai and Arthur Guez and Marc Lanctot and
    Laurent Sifre and Dharshan Kumaran and Thore Graepel and Timothy
    Lillicrap and Karen Simonyan and Demis Hassabis},
    year={2017},
    eprint={1712.01815},
    archivePrefix={arXiv},
}

@article{muzero,
    title={Mastering Atari, Go, chess and shogi by planning with a learned
    model},
    author={Schrittwieser, Julian and Antonoglou, Ioannis and Hubert,
    Thomas and Simonyan, Karen and Sifre, Laurent and Schmitt, Simon and
    Guez, Arthur and Lockhart, Edward and Hassabis, Demis and Graepel,
    Thore and Timothy Lillicrap and David Silver},
    year={2020},
    journal={Nature},
    volume={588},
    number={7839},
    pages={604–609},
}

@misc{multiplayer_alphazero,
    title={Multiplayer AlphaZero},
    author={Nick Petosa and Tucker Balch},
    year={2019},
    eprint={1910.13012},
    archivePrefix={arXiv},
}

@misc{muzero_intuiton,
    title={MuZero Intuition},
    author={Julian Schrittwieser},
    year={2020},
    url={https://www.furidamu.org/blog/2020/12/22/muzero-intuition/},
    note={Accessed and saved in the Internet Archive on 14.12.2021},
}

@misc{efficientzero,
    title={Mastering Atari Games with Limited Data},
    author={Weirui Ye and Shaohuai Liu and Thanard Kurutach and Pieter
    Abbeel and Yang Gao},
    year={2021},
    eprint={2111.00210},
    archivePrefix={arXiv},
}

@misc{alphazero_issues,
    title={Issues with Alphazero},
    author={Daniel Selsam},
    year={2018},
    url={https://dselsam.github.io/posts/2018-06-06-issues-with-alpha-zero.html},
    note={Accessed and saved in the Internet Archive on 12.12.2021},
}

@misc{ray,
    title={Ray: A Distributed Framework for Emerging AI Applications},
    author={Philipp Moritz and Robert Nishihara and Stephanie Wang and
    Alexey Tumanov and Richard Liaw and Eric Liang and Melih Elibol and
    Zongheng Yang and William Paul and Michael I. Jordan and Ion Stoica},
    year={2018},
    eprint={1712.05889},
    archivePrefix={arXiv},
}

@misc{hydra,
    title={Hydra - A framework for elegantly configuring complex applications},
    author={Omry Yadan},
    year={2019},
    howpublished={Github},
    url={https://github.com/facebookresearch/hydra},
}

@article{mcts_survey,
    title={A Survey of Monte Carlo Tree Search Methods},
    author={Browne, Cameron and Powley, Edward and Whitehouse, Daniel and
    Lucas, Simon and Cowling, Peter and Rohlfshagen, Philipp and Tavener,
    Stephen and Perez Liebana, Diego and Samothrakis, Spyridon and Colton,
    Simon},
    year={2012},
    journal={IEEE Transactions on Computational Intelligence and AI in
    Games},
    doi={10.1109/TCIAIG.2012.2186810},
}

@misc{mcts_po,
    title={Monte-Carlo Tree Search as Regularized Policy Optimization},
    author={Jean-Bastien Grill and Florent Altché and Yunhao Tang and
    Thomas Hubert and Michal Valko and Ioannis Antonoglou and Rémi Munos},
    year={2020},
    eprint={2007.12509},
    archivePrefix={arXiv},
}

@book{rl_book,
    title={Reinforcement Learning: An Introduction},
    author={Sutton, Richard S. and Barto, Andrew G.},
    year={2018},
    edition={Second},
    publisher={MIT Press},
    url={http://incompleteideas.net/book/the-book-2nd.html},
}

@misc{val_pred_net,
	title={Value Prediction Network},
	author={Junhyuk Oh and Satinder Singh and Honglak Lee},
	year={2017},
	eprint={1707.03497},
	archivePrefix={arXiv},
}
